@article{Nelder1972,
  title={Generalized linear models},
  author={Nelder, John Ashworth and Wedderburn, Robert WM},
  journal={Journal of the Royal Statistical Society: Series A (General)},
  volume={135},
  number={3},
  pages={370--384},
  year={1972},
  publisher={Wiley Online Library},
  annotate={Nesse artigo s\~ao apresentados os conceitos fundamentais dos GLMs, obviamente de forma mais compacta.}
}
@book{Mccullagh1989,
    title = {Generalized linear models},
    author={McCullagh, P and Nelder, JA},
    year = {1989},
    edition = {2},
    publisher={Chapman \& Hall},
    city = {New York},
    annotate={Livro refer\^encia sobre modelos lineares generalizados. \'Otimo para consultas mais t\'ecnicas.}
}
@article{Mcculloch2000,
  title={Generalized linear models},
  author={McCulloch, Charles E},
  journal={Journal of the American Statistical Association},
  volume={95},
  number={452},
  pages={1320--1324},
  year={2000},
  publisher={Taylor \& Francis Group},
  annotate={Artigo curtinho que discorre sobre a hist\'oria dos GLMs e sua motiva\c{c}\~ao; \'otima primeira leitura para entender a import\^ancia dos GLMs.}
}
@book{McCulloch2001,
  title={Generalized, Linear, and Mixed Models},
  author={McCulloch, C and Searle SR},
  year={2001},
  publisher={John Wiley \& Sons},
  city = {New York},
  annotate={Versão atualizada do livro de 1989, e que inclui modelos "mistos", de "efeitos aleatórios" ou "multiníveis", todos termos para modelos que incluem vários níveis de variabilidade.}
}
@book{Dobson2008,
  title={An introduction to generalized linear models},
  author={Dobson, Annette J and Barnett, Adrian G},
  year={2008},
  publisher={Chapman and Hall/CRC},
  annotate={Ótimo complemento aos outros livros recomendados. Recomendo, em particular, a leitura da seção 2.3 ("Some principles of statistical modelling")}
}
@article{Wasserstein2019,
    author = {Ronald L. Wasserstein and Nicole A. Lazar},
    title = {The ASA Statement on p-Values: Context, Process, and Purpose},
    journal = {The American Statistician},
    volume = {70},
    number = {2},
    pages = {129-133},
    year  = {2016},
    publisher = {Taylor & Francis},
    doi = {10.1080/00031305.2016.1154108},
    URL = {https://doi.org/10.1080/00031305.2016.1154108},
    eprint = {https://doi.org/10.1080/00031305.2016.1154108},
    annotate={}
}

